<?xml version="1.0" encoding="UTF-8"?><record xmlns="http://www.loc.gov/MARC21/slim" xmlns:cinclude="http://apache.org/cocoon/include/1.0" xmlns:zs="http://www.loc.gov/zing/srw/">
  <leader>00562cz  a2200157n  4500</leader>
  <controlfield tag="001">no2011155164</controlfield>
  <controlfield tag="003">DLC</controlfield>
  <controlfield tag="005">20121217102906.0</controlfield>
  <controlfield tag="008">111006n| acannaabn          |n aaa     c</controlfield>
  <datafield tag="010" ind1=" " ind2=" ">
    <subfield code="a">no2011155164</subfield>
  </datafield>
  <datafield tag="035" ind1=" " ind2=" ">
    <subfield code="a">(OCoLC)oca08998151</subfield>
  </datafield>
  <datafield tag="040" ind1=" " ind2=" ">
    <subfield code="a">NjMdDUM</subfield>
    <subfield code="b">eng</subfield>
    <subfield code="c">NjMdDUM</subfield>
    <subfield code="d">TNJ</subfield>
  </datafield>
  <datafield tag="100" ind1="1" ind2=" ">
    <subfield code="a">Ascham, John Bayne,</subfield>
    <subfield code="d">1873-1950</subfield>
  </datafield>
  <datafield tag="670" ind1=" " ind2=" ">
    <subfield code="a">A Syrian pilgrimage, c1914:</subfield>
    <subfield code="b">t.p. (John Bayne Ascham)</subfield>
  </datafield>
  <datafield tag="670" ind1=" " ind2=" ">
    <subfield code="a">OCLC, viewed Apr. 11, 2011</subfield>
    <subfield code="b">(hdg.: Ascham, John Bayne, 1873- ; usage: John Bayne Ascham)</subfield>
  </datafield>
  <datafield tag="670" ind1=" " ind2=" ">
    <subfield code="a">TNJ files, December 14, 2012</subfield>
    <subfield code="b">(hdg.: Ascham, John Bayne, 1873-1950)</subfield>
  </datafield>
</record>